<record><leader>00000cas a22000007a 4500</leader><controlfield tag="001">13476021</controlfield><controlfield tag="008">860422d18561859wvudr ne      0    0eng d</controlfield><controlfield tag="009">6116</controlfield><datafield ind1=" " ind2=" " tag="010"><subfield code="a">sn 86092505 </subfield></datafield><datafield ind1=" " ind2=" " tag="040"><subfield code="a">WVC</subfield><subfield code="b">eng</subfield><subfield code="c">WVC</subfield><subfield code="d">DLC</subfield><subfield code="d">WVC</subfield><subfield code="d">DLC</subfield><subfield code="d">OCL</subfield></datafield><datafield ind1=" " ind2=" " tag="042"><subfield code="a">msc</subfield></datafield><datafield ind1="0" ind2=" " tag="130"><subfield code="a">Wheeling Argus (Wheeling, Va. : 1856)</subfield></datafield><datafield ind1="0" ind2="4" tag="245"><subfield code="a">The Wheeling Argus.</subfield></datafield><datafield ind1="1" ind2="3" tag="246"><subfield code="a">Wheeling evening Argus</subfield><subfield code="f">Apr. 12-Sept. 12, 1856</subfield></datafield><datafield ind1=" " ind2=" " tag="260"><subfield code="a">Wheeling, Va. [W. Va.] :</subfield><subfield code="b">John T. Russell,</subfield><subfield code="c">1856-</subfield></datafield><datafield ind1=" " ind2=" " tag="300"><subfield code="a">v.</subfield></datafield><datafield ind1=" " ind2=" " tag="310"><subfield code="a">Daily</subfield></datafield><datafield ind1="0" ind2=" " tag="362"><subfield code="a">New ser., v. 4, no. 19 (Sept. 19, 1856)-    = Whole no. 171-</subfield></datafield><datafield ind1="1" ind2=" " tag="362"><subfield code="a">Ceased in 1859.</subfield><subfield code="z">Cf. Norona and Shetler.  W.Va. Imprints.</subfield></datafield><datafield ind1=" " ind2=" " tag="500"><subfield code="a">Editor: John T. Russell.</subfield></datafield><datafield ind1=" " ind2=" " tag="752"><subfield code="a">United States</subfield><subfield code="b">West Virginia</subfield><subfield code="c">Ohio</subfield><subfield code="d">Wheeling.</subfield></datafield><datafield ind1="0" ind2="0" tag="780"><subfield code="t">Wheeling evening Argus (Wheeling, Va. : 1856)</subfield><subfield code="w">(DLC)sn 86072123</subfield></datafield><datafield ind1="0" ind2="7" tag="785"><subfield code="t">Daily Wheeling times</subfield><subfield code="w">(DLC)sn 86092494</subfield></datafield><datafield ind1="0" ind2="7" tag="785"><subfield code="t">Daily union (Wheeling, Va.)</subfield><subfield code="w">(DLC)sn 86092506</subfield></datafield></record>